@Book{cano2015qcr,
  author = {Emilio L. Cano and Javier M. Moguerza and Mariano Prieto Corcoba},
  title = {Quality Control with R. An ISO Standards Approach},
  publisher = {Springer},
  year = {2015},
  series = {Use R!},
  doi = {10.1007/978-3-319-24046-6},
  isbn = {978-3-319-24044-2},
  pages = {349},
  url = {http://www.springer.com/gp/book/9783319240442},
}


@Book{xie2015,
  title = {Dynamic Documents with {R} and knitr},
  author = {Yihui Xie},
  publisher = {Chapman and Hall/CRC},
  address = {Boca Raton, Florida},
  year = {2015},
  edition = {2nd},
  note = {ISBN 978-1498716963},
  url = {http://yihui.org/knitr/},
}

@Misc{libroeee,
  author = {Emilio {López Cano}},
  title = {Estadística económica y empresarial},
  howpublished = {Libro de apuntes con licencia Creative Commons},
  year = {2018},
  pages = {133},
  date = {2018-06-06},
  url = {http://emilio.lcano.com/b/eee/},
}
@Misc{libroadr,
  author = {Emilio {López Cano}},
  title = {Análisis de datos con R aplicado a la economía, la empresa y la industria},
  howpublished = {Libro de apuntes con licencia Creative Commons},
  year = {2019},
  pages = {172},
  date = {2017-11-20},
  url = {http://emilio.lcano.com/b/adr/},
}
