@Misc{iso:24153,
  author =   {{ISO}},
  title =    {{ISO} 24153:2009 Random sampling and randomization procedures},
  howpublished = {Norma Internacional},
  year =   {2009},
}
@Misc{une:iso:2859-10,
  author =   {{ISO}},
  title =    {{UNE-ISO} 2859-1:2012 Procedimientos de muestreo para la inspección por atributos. Parte 10: Introducción a la serie de normas ISO 2859 sobre el muestreo para la inspección por atributos},
  howpublished = {Norma Internacional},
  year =   {2012}
}
@Misc{une:iso:2859-1,
  author =   {{ISO}},
  title =    {{UNE-ISO} 2859-1:2012 Procedimientos de muestreo para la inspección por atributos. Parte 1: Planes de muestreo para las inspecciones lote por lote, tabulados según el límite de calidad de aceptación (LCA).},
  howpublished = {Norma Internacional},
  year =   {2012},
  note = {Versión corregida, abril 2014.}
}
@Misc{une:iso:3534:1,
  author =   {{ISO}},
  title =    {{UNE-ISO} 3534-1:2013 Estadística. Vocabulario y símbolos -- Parte 1: Términos estadísticos generales y términos empleados en el cálculo de probabilidades.},
  howpublished = {Norma Internacional},
  year =   {2013}
}
@Misc{une:iso:3534:2,
  author =   {{ISO}},
  title =    {{UNE-ISO} 3534-2:2013 Estadística. Vocabulario y símbolos -- Parte 2: Estadística Aplicada.},
  howpublished = {Norma Internacional},
  year =   {2013}
}

@Misc{une:iso:9000,
  author =   {{ISO}},
  title =    {{UNE-ISO} 9000:2015 Sistemas de gestión de la calidad--  Fundamentos y vocabulario.},
  howpublished = {Norma Internacional},
  year =   {2015}
}

@Misc{une:iso:3534:2,
  author =   {{ISO}},
  title =    {{UNE-ISO} 3534-2:2013 Estadística. Vocabulario y símbolos -- Parte 2: Estadística aplicada},
  howpublished = {Norma Internacional},
  year =   {2013}
}

@Misc{une:iso:3534:3,
  author =   {{ISO}},
  title =    {{UNE-ISO} Estadística. Vocabulario y símbolos. Parte 3: Diseño de experimentos},
  howpublished = {Norma Internacional},
  year =   {2014}
}